@article{adams1999users,
  author = {Adams, Anne and Sasse, Martina Angela},
  title = {Users Are Not the Enemy},
  journal = {Communications of the ACM},
  volume = {42},
  number = {12},
  year = {1999},
  issn = {0001-0782},
  pages = {40--46},
  numpages = {7},
  url = {http://doi.acm.org/10.1145/322796.322806},
  doi = {10.1145/322796.322806},
  acmid = {322806},
  publisher = {ACM},
  address = {New York, NY, USA},
}

@inproceedings{bellare1993entity,
  author = {Bellare, Mihir and Rogaway, Phillip},
  title = {Entity Authentication and Key Distribution},
  booktitle = {Proceedings of the 13th Annual International Cryptology
  Conference on Advances in Cryptology},
  series = {CRYPTO '93},
  year = {1994},
  isbn = {0-387-57766-1},
  location = {Santa Barbara, California, USA},
  pages = {232--249},
  numpages = {18},
  url = {http://dl.acm.org/citation.cfm?id=188105.188164},
  acmid = {188164},
  publisher = {Springer-Verlag New York, Inc.},
  address = {New York, NY, USA},
}

@inproceedings{bonneau2012quest,
  author = {Bonneau, Joseph and Herley, Cormac and Oorschot, Paul C.  van and
  Stajano, Frank},
  title = {The Quest to Replace Passwords: {A} Framework for Comparative
  Evaluation of Web Authentication Schemes},
  booktitle = {Proceedings of the 2012 IEEE Symposium on Security and
  Privacy},
  series = {IEEE S\&P 2012},
  year = {2012},
  isbn = {978-0-7695-4681-0},
  pages = {553--567},
  numpages = {15},
  url = {http://dx.doi.org/10.1109/SP.2012.44},
  doi = {10.1109/SP.2012.44},
  acmid = {2310722},
  keywords = {authentication, computer security, deployability,
  economics, human computer interaction, security and usability,
  software engineering},
}

@misc{engel2008locating,
  author = {Tobias Engel},
  title = {Locating Mobile Phones using Signaling Service \#7},
  year = {2008},
  note = {Slides available at
    \url{https://events.ccc.de/congress/2008/Fahrplan/attachments/1262_25c3-locating-mobile-phones.pdf}.
  Accessed October 2017.},
}

@misc{googleauth,
  author={Google},
  title = {Google Authenticator},
  note = {Available at \url{https://github.com/google/google-authenticator}. Accessed
    October 2017.},
 }

@article{herzog2005computational,
  author = {Herzog, Jonathan},
  title = {A Computational Interpretation of {Dolev-Yao} Adversaries},
  journal = {Theoretical Computer Science},
  volume = {340},
  number = {1},
  year = {2005},
  issn = {0304-3975},
  pages = {57--81},
  numpages = {25},
  url = {http://dx.doi.org/10.1016/j.tcs.2005.03.003},
  doi = {10.1016/j.tcs.2005.03.003},
  acmid = {1195983},
  publisher = {Elsevier Science Publishers Ltd.},
  address = {Essex, UK},
  keywords = {Dolev-Yao model, computational soundness, formal
  encryption, non-malleability},
}

@misc{kaminsky2011securid,
  author={Dan Kaminksy},
  title = {On the {RSA SecurID} Comprimise},
  year = 2011,
  note = {Available at \url{https://dankaminsky.com/2011/06/09/securid}. Accessed Oct
    2017.},
}

@inproceedings{kuennemann2012yubisecure,
  author="K{\"u}nnemann, Robert
    and Steel, Graham",
  title={{YubiSecure}? {F}ormal Security Analysis Results for the {Yubikey} and
    {YubiHSM}},
  booktitle="Security and Trust Management: 8th International Workshop, STM
    2012, Pisa, Italy, September 13-14, 2012, Revised Selected Papers",
  year="2013",
  pages="257--272",
  series = "STM 2012",
  abstract="The Yubikey is a small hardware device designed to authenticate a
    user against network-based services. Despite its widespread adoption (over a
        million devices have been shipped by Yubico to more than 20 000
        customers including Google and Microsoft), the Yubikey protocols have
    received relatively little security analysis in the academic literature. In
    the first part of this paper, we give a formal model for the operation of
    the Yubikey one-time password (OTP) protocol. We prove security properties
    of the protocol for an unbounded number of fresh OTPs using a protocol
    analysis tool, tamarin.",
  isbn="978-3-642-38004-4",
  doi="10.1007/978-3-642-38004-4_17",
  url="https://doi.org/10.1007/978-3-642-38004-4_17"
}

@article{morris1979password,
  author = {Morris, Robert and Thompson, Ken},
  title = {Password Security: A Case History},
  journal = {Communications of the ACM},
  volume = {22},
  number = {11},
  year = {1979},
  issn = {0001-0782},
  pages = {594--597},
  url = {http://doi.acm.org/10.1145/359168.359172},
  doi = {10.1145/359168.359172},
  acmid = {359172},
  publisher = {ACM},
  address = {New York, NY, USA},
  keywords = {computer security, operating systems, passwords},
}

@inproceedings{oswald2013side-channel,
  author = {Oswald, David and Richter, Bastian and Paar, Christof},
  title = {Side-Channel Attacks on the Yubikey 2 One-Time Password Generator},
  booktitle = {Proceedings of the 16th International Symposium on Research in
  Attacks, Intrusions, and Defenses - Volume 8145},
  series = {RAID 2013},
  year = {2013},
  isbn = {978-3-642-41283-7},
  location = {Rodney Bay, St. Lucia},
  pages = {204--222},
  numpages = {19},
  url = {http://dx.doi.org/10.1007/978-3-642-41284-4_11},
  doi = {10.1007/978-3-642-41284-4_11},
  acmid = {2941605},
  publisher = {Springer-Verlag New York, Inc.},
  address = {New York, NY, USA},
  keywords = {Yubikey, embedded systems security, hardware token,
  hardware vulnerabilities, implementation attack, one-time
  passwords, side-channel analysis},
}

@inproceedings{reaves2016sending,
  author={Bradley Reaves and Nolen Scaife and Dave Tian and Logan Blue and
    Patrick Traynor and Kevin R. B. Butler},
  booktitle={2016 IEEE Symposium on Security and Privacy (SP)},
  title={Sending Out an {SMS}: Characterizing the Security of the {SMS} Ecosystem
    with Public Gateways},
  year={2016},
  volume={},
  number={},
  pages={339-356},
}

@misc{rfc6238,
	series =	{Request for Comments},
	number =	6238,
	howpublished =	{RFC 6238},
	publisher =	{RFC Editor},
	doi =		{10.17487/rfc6238},
	url =		{https://rfc-editor.org/rfc/rfc6238.txt},
	author =	{D. M'Raihi and S. Machani and M. Pei and J. Rydell},
	title =		{{TOTP}: Time-Based One-Time Password Algorithm},
	year =		2011,
}

@misc{rfc4226,
	series =	{Request for Comments},
	number =	4226,
	howpublished =	{RFC 4226},
	publisher =	{RFC Editor},
	doi =		{10.17487/rfc4226},
	url =		{https://rfc-editor.org/rfc/rfc4226.txt},
	author =	{D. M'Raihi and M. Bellare and F. Hoornaert and D. Naccache and O.
    Ranen},
	title =		{{HOTP}: An {HMAC}-Based One-Time Password Algorithm},
	year =		2005,
}

@article{schwachstelle,
  author={Hacken Tanriverdi and Markus Zydra},
  title={{S}chwachstelle im {M}obilfunknetz: {K}riminelle {H}acker r\"aumen
    {K}onten leer},
  journal = {S\"uddeutsche Zeitung},
  year = {2017},
  month = {May},
}

@inproceedings{landescher2012tweak,
  author = {Landecker, Will and Shrimpton, Thomas and Terashima, R. Seth},
  title = {Tweakable Blockciphers with Beyond Birthday-Bound Security},
  booktitle = {Proceedings of the 32Nd Annual Cryptology Conference on
  Advances in Cryptology --- CRYPTO 2012 - Volume 7417},
  year = {2012},
  isbn = {978-3-642-32008-8},
  pages = {14--30},
  numpages = {17},
  url = {http://dx.doi.org/10.1007/978-3-642-32009-5_2},
  doi = {10.1007/978-3-642-32009-5_2},
  acmid = {2954194},
  publisher = {Springer-Verlag New York, Inc.},
  address = {New York, NY, USA},
} 

@Article{liskov2011tweakable,
  author="Liskov, Moses
    and Rivest, Ronald L.
    and Wagner, David",
  title="Tweakable Block Ciphers",
  journal="Journal of Cryptology",
  year="2011",
  month="Jul",
  day="01",
  volume="24",
  number="3",
  pages="588--613",
  abstract="A common trend in applications of block ciphers over the past
    decades has been to employ block ciphers as one piece of a ``mode of
    operation''---possibly, aÂ way to make a secure symmetric-key cryptosystem,
  but more generally, any cryptographic application. Most of the time, these
    modes of operation use a wide variety of techniques to achieve a subgoal
    necessary for their main goal: instantiation of ``essentially different''
    instances of the block cipher.",
  issn="1432-1378",
  doi="10.1007/s00145-010-9073-y",
  url="https://doi.org/10.1007/s00145-010-9073-y"
}

@article{luby1988how,
  author = {Michael Luby and Charles Rackoff},
  title = {How to Construct Pseudorandom Permutations from Pseudorandom
    Functions},
  journal = {SIAM Journal on Computing},
  volume = {17},
  number = {2},
  pages = {373-386},
  year = {1988},
  doi = {10.1137/0217022},
}

@inproceedings{wagner1999boomerang,
  author="Wagner, David",
  editor="Knudsen, Lars",
  title="The Boomerang Attack",
  bookTitle="Fast Software Encryption: 6th International Workshop, FSE'99 Rome,
  Italy, March 24--26, 1999 Proceedings",
  year="1999",
  publisher="Springer Berlin Heidelberg",
  address="Berlin, Heidelberg",
  pages="156--170",
}


@misc{securid,
  author = {RSA},
  title = {{RSA} {SecureID} hardware tokens},
  note =
  {Available at \url{https://www.rsa.com/en-us/products/rsa-securid-suite/rsa-securid-access/securid-hardware-tokens}.
    Accessed October 2017.},
}

@misc{u2f,
  author={FIDO},
  title={U2F v1.2 Specifications},
  note={Available at \url{https://fidoalliance.org/download}. Accessed Octobor 2017.},
}

@Inbook{SSW16,
  author="Shrimpton, Thomas
    and Stam, Martijn
    and Warinschi, Bogdan",
  title="A Modular Treatment of Cryptographic APIs: The Symmetric-Key Case",
  bookTitle="Advances in Cryptology -- CRYPTO 2016: 36th Annual International
    Cryptology Conference, Santa Barbara, CA, USA, August 14-18, 2016,
  Proceedings, Part I",
  year="2016",
  publisher="Springer Berlin Heidelberg",
  address="Berlin, Heidelberg",
  pages="277--307",
  abstract="Application Programming Interfaces (APIs) to cryptographic tokens
    like smartcards and Hardware Security Modules (HSMs) provide users with
    commands to manage and use cryptographic keys stored on trusted hardware.
    Their design is mainly guided by industrial standards with only informal
    security promises.",
  isbn="978-3-662-53018-4",
  doi="10.1007/978-3-662-53018-4_11",
  url="https://doi.org/10.1007/978-3-662-53018-4_11"
}

